<?xml version="1.0" encoding="UTF-8"?><collection xmlns="http://www.loc.gov/MARC21/slim"><record><leader>00466nam--2200157-i-4500</leader><controlfield tag="001">000043815</controlfield><controlfield tag="002">20161230</controlfield><controlfield tag="005">20170128195054</controlfield><controlfield tag="008">060222s1000------------r-----000-0-eng-d</controlfield><datafield ind1=" " ind2=" " tag="100"><subfield code="a">Westenholz, C. Von</subfield></datafield><datafield ind1="1" ind2="0" tag="245"><subfield code="a">Studies in mathematics and its applications. Vol. 3: Differential forms in mathematical physics</subfield></datafield><datafield ind1=" " ind2=" " tag="260"><subfield code="a">Amsterdam</subfield><subfield code="b">Nort-Holland</subfield><subfield code="c">1976</subfield></datafield><datafield ind1=" " ind2=" " tag="490"><subfield code="v">Vol. 3</subfield></datafield><datafield ind1=" " ind2=" " tag="700"><subfield code="a">Rockafellar, R. T</subfield></datafield><datafield ind1=" " ind2=" " tag="852"><subfield code="a">46658</subfield><subfield code="c">517.9</subfield></datafield><datafield ind1=" " ind2=" " tag="CAT"><subfield code="a">SYS</subfield><subfield code="c">20170128</subfield><subfield code="h">195054</subfield></datafield></record></collection>